@conference{icaart20,
  author       = {Francisco Quinga Socasi. and Ronny Velastegui. and Luis Zhinin{-}Vera. and Rafael Valencia{-}Ramos. and Francisco Quinga Ortega{-}Zamorano. and Oscar Chang.},
  title        = {Digital Cryptography Implementation using Neurocomputational Model with Autoencoder Architecture},
  booktitle    = {Proceedings of the 12th International Conference on Agents and Artificial Intelligence - Volume 2: ICAART,},
  year         = {2020},
  pages        = {865-872},
  publisher    = {SciTePress},
  organization = {INSTICC},
  doi          = {10.5220/0009154908650872},
  isbn         = {978-989-758-395-7},
  issn         = {2184-433X}
}

@book{aes,
  author    = {Behrouz A. Forouzan},
  title     = {Introduction to Cryptography and Network Security},
  year      = {2008},
  isbn      = {978–0–07–287022–0},
  publisher = {McGraw-Hill Higher Education},
  address   = {New York, NY, USA}
}

@article{autoencoder,
  title   = {Autoassociative neural networks},
  journal = {Computers \& Chemical Engineering},
  volume  = {16},
  number  = {4},
  pages   = {313-328},
  year    = {1992},
  note    = {Neutral network applications in chemical engineering},
  issn    = {0098-1354},
  doi     = {10.1016/0098-1354(92)80051-A},
  author  = {M.A. Kramer}
}

@inproceedings{autoencoder2,
  author    = {Menon, Unnikrishnan and Menon, Anirudh Rajiv and Hudlikar, Atharva and Sharmila, A. and Mahalakshmi, P.},
  booktitle = {2021 Innovations in Power and Advanced Computing Technologies (i-PACT)},
  title     = {A Hybrid Autoencoder Architecture for Text Encryption},
  year      = {2021},
  volume    = {},
  number    = {},
  pages     = {1-7},
  doi       = {10.1109/i-PACT52855.2021.9696715}
}

@article{autoencoder3,
  author         = {Song, Youngrok and Hyun, Sangwon and Cheong, Yun-Gyung},
  title          = {Analysis of Autoencoders for Network Intrusion Detection},
  journal        = {Sensors},
  volume         = {21},
  year           = {2021},
  number         = {13},
  article-number = {4294},
  pubmedid       = {34201798},
  issn           = {1424-8220},
  doi            = {10.3390/s21134294}
}


